<record><leader>00858camZa2200289ZiZ4500</leader><controlfield tag="001">100716459</controlfield><controlfield tag="003">MiAaHDL</controlfield><controlfield tag="005">20150625000000.0</controlfield><controlfield tag="006">m        d        </controlfield><controlfield tag="007">cr bn ---auaua</controlfield><controlfield tag="008">760911s1976####dcua#########f000#0#eng#d</controlfield><datafield tag="020" ind1=" " ind2=" "><subfield code="c">pbk.</subfield></datafield><datafield tag="035" ind1=" " ind2=" "><subfield code="a">sdr-umn9918686620001701</subfield></datafield><datafield tag="035" ind1=" " ind2=" "><subfield code="a">(OCoLC)2435132</subfield></datafield><datafield tag="035" ind1=" " ind2=" "><subfield code="a">(GPO)76008510</subfield></datafield><datafield tag="035" ind1=" " ind2=" "><subfield code="a">(MnU)notisAJP0322</subfield></datafield><datafield tag="035" ind1=" " ind2=" "><subfield code="z">(MnU)Aleph001011028</subfield></datafield><datafield tag="040" ind1=" " ind2=" "><subfield code="a">GPO</subfield><subfield code="c">GPO</subfield></datafield><datafield tag="049" ind1=" " ind2=" "><subfield code="a">MNPA</subfield><subfield code="a">MNUA</subfield></datafield><datafield tag="074" ind1=" " ind2=" "><subfield code="a">917</subfield></datafield><datafield tag="086" ind1="0" ind2=" "><subfield code="a">SI 8.8:N 21/976</subfield></datafield><datafield tag="099" ind1=" " ind2=" "><subfield code="a">SI 8.8:N 21/976</subfield></datafield><datafield tag="110" ind1="2" ind2=" "><subfield code="a">National Gallery of Art (U.S.)</subfield></datafield><datafield tag="245" ind1="1" ind2="0"><subfield code="a">National Gallery of Art :</subfield><subfield code="b">brief guide.</subfield></datafield><datafield tag="260" ind1=" " ind2=" "><subfield code="a">[Washington] :</subfield><subfield code="b">U.S. National Gallery of Art,</subfield><subfield code="c">[1976]</subfield></datafield><datafield tag="300" ind1=" " ind2=" "><subfield code="a">36 pages :</subfield><subfield code="b">illustrations ;</subfield><subfield code="c">22 cm</subfield></datafield><datafield tag="336" ind1=" " ind2=" "><subfield code="a">text</subfield><subfield code="b">txt</subfield><subfield code="2">rdacontent</subfield></datafield><datafield tag="337" ind1=" " ind2=" "><subfield code="a">unmediated</subfield><subfield code="b">n</subfield><subfield code="2">rdamedia</subfield></datafield><datafield tag="338" ind1=" " ind2=" "><subfield code="a">volume</subfield><subfield code="b">nc</subfield><subfield code="2">rdacarrier</subfield></datafield><datafield tag="538" ind1=" " ind2=" "><subfield code="a">Mode of access: Internet.</subfield></datafield><datafield tag="610" ind1="2" ind2="0"><subfield code="a">National Gallery of Art (U.S.)</subfield><subfield code="x">Guidebooks.</subfield></datafield><datafield tag="CID" ind1=" " ind2=" "><subfield code="a">100716459</subfield></datafield><datafield tag="DAT" ind1="0" ind2=" "><subfield code="a">20150324203255.0</subfield><subfield code="b">20150625000000.0</subfield></datafield><datafield tag="DAT" ind1="1" ind2=" "><subfield code="a">20150625143710.0</subfield><subfield code="b">2019-03-17T18:22:53Z</subfield></datafield><datafield tag="CAT" ind1=" " ind2=" "><subfield code="a">SDR-UMN</subfield><subfield code="d">EX LIBRIS - ALMA</subfield><subfield code="l">loader.pl-003-020</subfield></datafield><datafield tag="FMT" ind1=" " ind2=" "><subfield code="a">BK</subfield></datafield><datafield tag="HOL" ind1=" " ind2=" "><subfield code="0">sdr-umn9918686620001701</subfield><subfield code="a">umn</subfield><subfield code="b">SDR</subfield><subfield code="c">UMN</subfield><subfield code="p">umn.319510028195022</subfield><subfield code="s">UMN</subfield><subfield code="1">9918686620001701</subfield></datafield><datafield tag="974" ind1=" " ind2=" "><subfield code="b">UMN</subfield><subfield code="c">UMN</subfield><subfield code="d">20190317</subfield><subfield code="s">google</subfield><subfield code="u">umn.319510028195022</subfield><subfield code="y">1976</subfield><subfield code="r">ic</subfield><subfield code="q">bib</subfield><subfield code="t">US fed doc--national gallery of art: pubdate &gt;= 1927</subfield></datafield></record>